%% This BibTeX bibliography file was created using BibDesk.
%% http://bibdesk.sourceforge.net/

%% Created for Bryan Hoke at 2017-07-05 14:12:24 -0500 


%% Saved with string encoding Unicode (UTF-8) 



@inproceedings{Piater:1998aa,
	Author = {Justus H. Piater and Paul R. Cohen and Xiaoqin Zhang and Michael Atighetchi},
	Booktitle = {Machine Learning: Proceedings of the Fifteenth International Conference},
	Date-Added = {2017-07-07 03:00:34 +0000},
	Date-Modified = {2017-07-07 03:03:59 +0000},
	Pages = {430-438},
	Title = {A Randomized ANOVA Procedure for Comparing Performance Curves},
	Year = {1998}}

@book{Engelbrecht:2007aa,
	Author = {Andries P. Engelbrecht},
	Date-Added = {2017-07-05 19:07:35 +0000},
	Date-Modified = {2017-07-05 19:09:57 +0000},
	Publisher = {Wiley},
	Title = {Computational Intelligence: An Introduction},
	Year = {2007}}

@unpublished{Soltoggio:2017bl,
	Author = {Andrea Soltoggio and Kenneth O. Stanley and Sebastian Risi},
	Date-Added = {2017-06-22 17:11:51 +0000},
	Date-Modified = {2017-06-22 17:18:19 +0000},
	Note = {arXiv preprint arXiv:1703.10371},
	Title = {Born to Learn: the Inspiration, Progress, and Future of Evolved Plastic Artificial Neural Networks},
	Year = {2017}}

@inbook{Floreano:2008wv,
	Author = {Dario Floreano and Claudio Mattiussi},
	Date-Added = {2017-04-10 18:08:33 +0000},
	Date-Modified = {2017-04-10 18:09:30 +0000},
	Publisher = {The MIT Press},
	Title = {Bio-Inspired Artificial Intelligence: Theories, Methods, and Technologies},
	Year = {2008}}

@inproceedings{Yao:1999lp,
	Author = {Xin Yao},
	Booktitle = {Processings of the IEEE},
	Date-Added = {2017-04-10 04:35:01 +0000},
	Date-Modified = {2017-04-10 04:41:19 +0000},
	Pages = {1423-1447},
	Title = {Evolving Artificial Neural Networks},
	Volume = {87},
	Year = {1999}}

@phdthesis{Shah:2015hs,
	Author = {Syed Naveed Hussain Shah},
	Date-Added = {2017-04-10 02:13:29 +0000},
	Date-Modified = {2017-04-10 02:55:06 +0000},
	School = {University of Oklahoma},
	Title = {Nurturing Promotes the Evolution of Learning in Changing Environments},
	Year = {2015}}

@inproceedings{evolution-of-nurturing,
	Author = {Armand Leonce and Bryan Hoke and Dean F. Hougen},
	Booktitle = {IEEE International Conference on Development and Learning / Epigenetic Robotics},
	Date-Added = {2017-02-05 20:24:20 +0000},
	Date-Modified = {2017-02-05 22:04:25 +0000},
	Title = {Evolution of Robot-to-Robot Nurturing and Nurturability},
	Year = {2012},
	Bdsk-File-1 = {YnBsaXN0MDDUAQIDBAUGJCVYJHZlcnNpb25YJG9iamVjdHNZJGFyY2hpdmVyVCR0b3ASAAGGoKgHCBMUFRYaIVUkbnVsbNMJCgsMDxJXTlMua2V5c1pOUy5vYmplY3RzViRjbGFzc6INDoACgAOiEBGABIAFgAdccmVsYXRpdmVQYXRoWWFsaWFzRGF0YV8QNS4uL1BhcGVycy9pY2RsLWVwaXJvYi1ldm8tbnVydHVyaW5nLW51cnR1cmFiaWxpdHkucGRm0hcLGBlXTlMuZGF0YU8RAfwAAAAAAfwAAgAADE1hY2ludG9zaCBIRAAAAAAAAAAAAAAAAAAAAMwwzKJIKwAAABdjbh9pY2RsLWVwaXJvYi1ldm8tbnVydCMxMURBOUUucGRmAAAAAAAAAAAAAAAAAAAAAAAAAAAAAAAAAAAAAAAAAAAAEdqezIjgowAAAAAAAAAAAAEAAgAACSAAAAAAAAAAAAAAAAAAAAAGUGFwZXJzABAACAAAzDES8gAAABEACAAAzIkm8wAAAAEAEAAXY24ABcGLAAXBigACDfkAAgBRTWFjaW50b3NoIEhEOlVzZXJzOgBicnlhbmhva2U6AERvY3VtZW50czoAUGFwZXJzOgBpY2RsLWVwaXJvYi1ldm8tbnVydCMxMURBOUUucGRmAAAOAFgAKwBpAGMAZABsAC0AZQBwAGkAcgBvAGIALQBlAHYAbwAtAG4AdQByAHQAdQByAGkAbgBnAC0AbgB1AHIAdAB1AHIAYQBiAGkAbABpAHQAeQAuAHAAZABmAA8AGgAMAE0AYQBjAGkAbgB0AG8AcwBoACAASABEABIATFVzZXJzL2JyeWFuaG9rZS9Eb2N1bWVudHMvUGFwZXJzL2ljZGwtZXBpcm9iLWV2by1udXJ0dXJpbmctbnVydHVyYWJpbGl0eS5wZGYAEwABLwAAFQACABD//wAAgAbSGxwdHlokY2xhc3NuYW1lWCRjbGFzc2VzXU5TTXV0YWJsZURhdGGjHR8gVk5TRGF0YVhOU09iamVjdNIbHCIjXE5TRGljdGlvbmFyeaIiIF8QD05TS2V5ZWRBcmNoaXZlctEmJ1Ryb290gAEACAARABoAIwAtADIANwBAAEYATQBVAGAAZwBqAGwAbgBxAHMAdQB3AIQAjgDGAMsA0wLTAtUC2gLlAu4C/AMAAwcDEAMVAyIDJQM3AzoDPwAAAAAAAAIBAAAAAAAAACgAAAAAAAAAAAAAAAAAAANB}}

@inproceedings{nurturing-definition,
	Author = {Mark Woehrer and Dean F. Hougen and Ingo Schlupp and Brent E. Eskridge},
	Booktitle = {IEEE International Conference on Development and Learning / Epigenetic Robotics},
	Date-Added = {2017-02-05 20:03:11 +0000},
	Date-Modified = {2017-04-10 02:43:27 +0000},
	Title = {Robot-to-Robot Nurturing: Definition, Importance, and Evolution},
	Year = {2012},
	Bdsk-File-1 = {YnBsaXN0MDDUAQIDBAUGJCVYJHZlcnNpb25YJG9iamVjdHNZJGFyY2hpdmVyVCR0b3ASAAGGoKgHCBMUFRYaIVUkbnVsbNMJCgsMDxJXTlMua2V5c1pOUy5vYmplY3RzViRjbGFzc6INDoACgAOiEBGABIAFgAdccmVsYXRpdmVQYXRoWWFsaWFzRGF0YV8QLi4uL1BhcGVycy9pY2RsLWVwaXJvYi1udXJ0dXJpbmctZGVmaW5pdGlvbi5wZGbSFwsYGVdOUy5kYXRhTxEB6AAAAAAB6AACAAAMTWFjaW50b3NoIEhEAAAAAAAAAAAAAAAAAAAAzDDMokgrAAAAF2NuH2ljZGwtZXBpcm9iLW51cnR1cmluIzExREE5MS5wZGYAAAAAAAAAAAAAAAAAAAAAAAAAAAAAAAAAAAAAAAAAAAAR2pHMiOCgAAAAAAAAAAAAAQACAAAJIAAAAAAAAAAAAAAAAAAAAAZQYXBlcnMAEAAIAADMMRLyAAAAEQAIAADMiSbwAAAAAQAQABdjbgAFwYsABcGKAAIN+QACAFFNYWNpbnRvc2ggSEQ6VXNlcnM6AGJyeWFuaG9rZToARG9jdW1lbnRzOgBQYXBlcnM6AGljZGwtZXBpcm9iLW51cnR1cmluIzExREE5MS5wZGYAAA4ASgAkAGkAYwBkAGwALQBlAHAAaQByAG8AYgAtAG4AdQByAHQAdQByAGkAbgBnAC0AZABlAGYAaQBuAGkAdABpAG8AbgAuAHAAZABmAA8AGgAMAE0AYQBjAGkAbgB0AG8AcwBoACAASABEABIARVVzZXJzL2JyeWFuaG9rZS9Eb2N1bWVudHMvUGFwZXJzL2ljZGwtZXBpcm9iLW51cnR1cmluZy1kZWZpbml0aW9uLnBkZgAAEwABLwAAFQACABD//wAAgAbSGxwdHlokY2xhc3NuYW1lWCRjbGFzc2VzXU5TTXV0YWJsZURhdGGjHR8gVk5TRGF0YVhOU09iamVjdNIbHCIjXE5TRGljdGlvbmFyeaIiIF8QD05TS2V5ZWRBcmNoaXZlctEmJ1Ryb290gAEACAARABoAIwAtADIANwBAAEYATQBVAGAAZwBqAGwAbgBxAHMAdQB3AIQAjgC/AMQAzAK4AroCvwLKAtMC4QLlAuwC9QL6AwcDCgMcAx8DJAAAAAAAAAIBAAAAAAAAACgAAAAAAAAAAAAAAAAAAAMm}}

@inproceedings{eskridge-learning-uncertain-environments,
	Author = {Brent E. Eskridge and Dean F. Hougen},
	Booktitle = {IEEE International Conference on Development and Learning / Epigenetic Robotics},
	Date-Added = {2017-02-05 18:45:59 +0000},
	Date-Modified = {2017-02-05 22:06:16 +0000},
	Title = {Nurturing Promotes the Evolution of Learning in Uncertain Environments},
	Year = {2012},
	Bdsk-File-1 = {YnBsaXN0MDDUAQIDBAUGJCVYJHZlcnNpb25YJG9iamVjdHNZJGFyY2hpdmVyVCR0b3ASAAGGoKgHCBMUFRYaIVUkbnVsbNMJCgsMDxJXTlMua2V5c1pOUy5vYmplY3RzViRjbGFzc6INDoACgAOiEBGABIAFgAdccmVsYXRpdmVQYXRoWWFsaWFzRGF0YV8QKi4uL1BhcGVycy9pY2RsZXBpcm9iMjAxMl9zdWJtaXNzaW9uXzY1LnBkZtIXCxgZV05TLmRhdGFPEQHcAAAAAAHcAAIAAAxNYWNpbnRvc2ggSEQAAAAAAAAAAAAAAAAAAADMMMyiSCsAAAAXY24faWNkbGVwaXJvYjIwMTJfc3VibWkjMTFEQUE0LnBkZgAAAAAAAAAAAAAAAAAAAAAAAAAAAAAAAAAAAAAAAAAAABHapMyI4KYAAAAAAAAAAAABAAIAAAkgAAAAAAAAAAAAAAAAAAAABlBhcGVycwAQAAgAAMwxEvIAAAARAAgAAMyJJvYAAAABABAAF2NuAAXBiwAFwYoAAg35AAIAUU1hY2ludG9zaCBIRDpVc2VyczoAYnJ5YW5ob2tlOgBEb2N1bWVudHM6AFBhcGVyczoAaWNkbGVwaXJvYjIwMTJfc3VibWkjMTFEQUE0LnBkZgAADgBCACAAaQBjAGQAbABlAHAAaQByAG8AYgAyADAAMQAyAF8AcwB1AGIAbQBpAHMAcwBpAG8AbgBfADYANQAuAHAAZABmAA8AGgAMAE0AYQBjAGkAbgB0AG8AcwBoACAASABEABIAQVVzZXJzL2JyeWFuaG9rZS9Eb2N1bWVudHMvUGFwZXJzL2ljZGxlcGlyb2IyMDEyX3N1Ym1pc3Npb25fNjUucGRmAAATAAEvAAAVAAIAEP//AACABtIbHB0eWiRjbGFzc25hbWVYJGNsYXNzZXNdTlNNdXRhYmxlRGF0YaMdHyBWTlNEYXRhWE5TT2JqZWN00hscIiNcTlNEaWN0aW9uYXJ5oiIgXxAPTlNLZXllZEFyY2hpdmVy0SYnVHJvb3SAAQAIABEAGgAjAC0AMgA3AEAARgBNAFUAYABnAGoAbABuAHEAcwB1AHcAhACOALsAwADIAqgCqgKvAroCwwLRAtUC3ALlAuoC9wL6AwwDDwMUAAAAAAAAAgEAAAAAAAAAKAAAAAAAAAAAAAAAAAAAAxY=}}

@inproceedings{chalmers-evolution-learning,
	Author = {David J. Chalmers},
	Booktitle = {Proceedings of the 1990 Connectionist Models Summer School},
	Date-Added = {2017-02-05 18:11:42 +0000},
	Date-Modified = {2017-04-09 20:31:56 +0000},
	Editor = {Morgan Kaufmann},
	Pages = {81-90},
	Publisher = {Morgan Kaufmann},
	Title = {The Evolution of Learning: An Experiment in Genetic Connectionism},
	Year = {1990},
	Bdsk-File-1 = {YnBsaXN0MDDUAQIDBAUGJCVYJHZlcnNpb25YJG9iamVjdHNZJGFyY2hpdmVyVCR0b3ASAAGGoKgHCBMUFRYaIVUkbnVsbNMJCgsMDxJXTlMua2V5c1pOUy5vYmplY3RzViRjbGFzc6INDoACgAOiEBGABIAFgAdccmVsYXRpdmVQYXRoWWFsaWFzRGF0YV8QLi4uL1BhcGVycy9DaGFsbWVycyAtIEV2b2x1dGlvbiBvZiBMZWFybmluZy5wZGbSFwsYGVdOUy5kYXRhTxEB6AAAAAAB6AACAAAMTWFjaW50b3NoIEhEAAAAAAAAAAAAAAAAAAAAzDDMokgrAAAAF2NuH0NoYWxtZXJzIC0gRXZvbHV0aW8jNzI0RDMwMy5wZGYAAAAAAAAAAAAAAAAAAAAAAAAAAAAAAAAAAAAAAAAAAAck0wPMovL5AAAAAAAAAAAAAQACAAAJIAAAAAAAAAAAAAAAAAAAAAZQYXBlcnMAEAAIAADMMRLyAAAAEQAIAADMozlJAAAAAQAQABdjbgAFwYsABcGKAAIN+QACAFFNYWNpbnRvc2ggSEQ6VXNlcnM6AGJyeWFuaG9rZToARG9jdW1lbnRzOgBQYXBlcnM6AENoYWxtZXJzIC0gRXZvbHV0aW8jNzI0RDMwMy5wZGYAAA4ASgAkAEMAaABhAGwAbQBlAHIAcwAgAC0AIABFAHYAbwBsAHUAdABpAG8AbgAgAG8AZgAgAEwAZQBhAHIAbgBpAG4AZwAuAHAAZABmAA8AGgAMAE0AYQBjAGkAbgB0AG8AcwBoACAASABEABIARVVzZXJzL2JyeWFuaG9rZS9Eb2N1bWVudHMvUGFwZXJzL0NoYWxtZXJzIC0gRXZvbHV0aW9uIG9mIExlYXJuaW5nLnBkZgAAEwABLwAAFQACABD//wAAgAbSGxwdHlokY2xhc3NuYW1lWCRjbGFzc2VzXU5TTXV0YWJsZURhdGGjHR8gVk5TRGF0YVhOU09iamVjdNIbHCIjXE5TRGljdGlvbmFyeaIiIF8QD05TS2V5ZWRBcmNoaXZlctEmJ1Ryb290gAEACAARABoAIwAtADIANwBAAEYATQBVAGAAZwBqAGwAbgBxAHMAdQB3AIQAjgC/AMQAzAK4AroCvwLKAtMC4QLlAuwC9QL6AwcDCgMcAx8DJAAAAAAAAAIBAAAAAAAAACgAAAAAAAAAAAAAAAAAAAMm}}
